<record><leader>00000cas a2200000 a 4500</leader><controlfield tag="001">35125086</controlfield><controlfield tag="008">960723c19819999mouwr ne      0   z0eng c</controlfield><datafield ind1=" " ind2=" " tag="010"><subfield code="a">sn 96061080 </subfield><subfield code="z">sn 88063024 </subfield></datafield><datafield ind1=" " ind2=" " tag="040"><subfield code="a">CUY</subfield><subfield code="b">eng</subfield><subfield code="c">CNK</subfield><subfield code="d">IXA</subfield><subfield code="d">NSD</subfield><subfield code="d">DLC</subfield><subfield code="d">UMS</subfield><subfield code="d">IUL</subfield><subfield code="d">OCLCQ</subfield><subfield code="d">OCLCF</subfield></datafield><datafield ind1=" " ind2=" " tag="012"><subfield code="l">1</subfield></datafield><datafield ind1=" " ind2=" " tag="019"><subfield code="a">17429806</subfield></datafield><datafield ind1="1" ind2=" " tag="022"><subfield code="a">1553-3646</subfield><subfield code="l">1553-3646</subfield><subfield code="2">1</subfield></datafield><datafield ind1="1" ind2=" " tag="029"><subfield code="a">AU@</subfield><subfield code="b">000021636446</subfield></datafield><datafield ind1="1" ind2=" " tag="029"><subfield code="a">AU@</subfield><subfield code="b">000025808329</subfield></datafield><datafield ind1=" " ind2=" " tag="037"><subfield code="b">Dos Mundos, 902-A Southwest Blvd., Kansas City, MO 64108</subfield><subfield code="c">$35.00</subfield></datafield><datafield ind1="0" ind2=" " tag="041"><subfield code="a">eng</subfield><subfield code="a">spa</subfield></datafield><datafield ind1=" " ind2=" " tag="042"><subfield code="a">pcc</subfield><subfield code="a">nsdp</subfield></datafield><datafield ind1=" " ind2=" " tag="043"><subfield code="a">n-us-mo</subfield><subfield code="a">n-us-ks</subfield></datafield><datafield ind1="0" ind2="0" tag="050"><subfield code="a">Newspaper</subfield></datafield><datafield ind1="0" ind2=" " tag="130"><subfield code="a">Dos mundos (Kansas City, Mo.)</subfield></datafield><datafield ind1=" " ind2="0" tag="222"><subfield code="a">Dos mundos</subfield><subfield code="b">(Kansas City, Mo.)</subfield></datafield><datafield ind1="1" ind2="0" tag="245"><subfield code="a">Dos mundos =</subfield><subfield code="b">Two worlds.</subfield></datafield><datafield ind1="3" ind2="1" tag="246"><subfield code="a">Two worlds</subfield></datafield><datafield ind1=" " ind2=" " tag="260"><subfield code="a">Kansas City, Mo. :</subfield><subfield code="b">Manuel A. Reyes</subfield></datafield><datafield ind1=" " ind2=" " tag="300"><subfield code="a">v. :</subfield><subfield code="b">ill. ;</subfield><subfield code="c">58 cm.</subfield></datafield><datafield ind1=" " ind2=" " tag="310"><subfield code="a">Weekly,</subfield><subfield code="b">&lt;July 8/July 14, 2004-&gt;</subfield></datafield><datafield ind1=" " ind2=" " tag="321"><subfield code="a">Biweekly,</subfield><subfield code="b">&lt;Mar. 3, 1983-&gt;</subfield></datafield><datafield ind1="1" ind2=" " tag="362"><subfield code="a">Began in 1981.</subfield></datafield><datafield ind1=" " ind2=" " tag="500"><subfield code="a">Microfilm published by BMI Imaging Systems; issued in series: Chicano serials collection.</subfield></datafield><datafield ind1=" " ind2=" " tag="515"><subfield code="a">Issue for July 8/July 24, 2004 misnumbered: Vol. 24, issue 27.</subfield></datafield><datafield ind1="8" ind2=" " tag="521"><subfield code="a">Bilingual newspaper for the Hispanic American community in Kansas City, Mo. and the surrounding area.</subfield></datafield><datafield ind1=" " ind2=" " tag="546"><subfield code="a">In English and Spanish.</subfield></datafield><datafield ind1=" " ind2=" " tag="580"><subfield code="a">Some issues have magazine insert: Oye!</subfield></datafield><datafield ind1=" " ind2=" " tag="588"><subfield code="a">Description based on: Vol. 3, no. 5 (Mar. 3, 1983).</subfield></datafield><datafield ind1=" " ind2=" " tag="588"><subfield code="a">Latest issue consulted: Vol. 24, issue 28 (July 8/July 14, 2004).</subfield></datafield><datafield ind1=" " ind2="0" tag="650"><subfield code="a">Hispanic Americans</subfield><subfield code="z">Missouri</subfield><subfield code="z">Kansas City</subfield><subfield code="v">Newspapers.</subfield></datafield><datafield ind1=" " ind2="0" tag="650"><subfield code="a">Hispanic Americans</subfield><subfield code="z">Kansas</subfield><subfield code="z">Kansas City</subfield><subfield code="v">Newspapers.</subfield></datafield><datafield ind1=" " ind2="0" tag="651"><subfield code="a">Kansas City (Mo.)</subfield><subfield code="v">Newspapers.</subfield></datafield><datafield ind1=" " ind2="0" tag="651"><subfield code="a">Kansas City (Kan.)</subfield><subfield code="v">Newspapers.</subfield></datafield><datafield ind1=" " ind2="7" tag="655"><subfield code="a">Newspapers.</subfield><subfield code="2">fast</subfield><subfield code="0">(OCoLC)fst01423814</subfield></datafield><datafield ind1=" " ind2="7" tag="650"><subfield code="a">Hispanic Americans.</subfield><subfield code="2">fast</subfield><subfield code="0">(OCoLC)fst00957523</subfield></datafield><datafield ind1=" " ind2="7" tag="651"><subfield code="a">Kansas</subfield><subfield code="z">Kansas City.</subfield><subfield code="2">fast</subfield><subfield code="0">(OCoLC)fst01214045</subfield></datafield><datafield ind1=" " ind2="7" tag="651"><subfield code="a">Missouri</subfield><subfield code="z">Kansas City.</subfield><subfield code="2">fast</subfield><subfield code="0">(OCoLC)fst01204999</subfield></datafield><datafield ind1="0" ind2=" " tag="740"><subfield code="a">Oye! (Kansas City, Mo.)</subfield></datafield><datafield ind1=" " ind2=" " tag="752"><subfield code="a">United States</subfield><subfield code="b">Missouri</subfield><subfield code="c">Jackson</subfield><subfield code="d">Kansas City.</subfield></datafield><datafield ind1="1" ind2=" " tag="770"><subfield code="t">Oye! (Kansas City, Mo.)</subfield></datafield><datafield ind1="4" ind2="2" tag="856"><subfield code="u">http://bibpurl.oclc.org/web/39128</subfield><subfield code="u">http://www.dosmundos.com</subfield></datafield></record>